<?xml version="1.0" encoding="UTF-8"?><collection xmlns="http://www.loc.gov/MARC21/slim"><record><leader>00534nam--2200193-i-4500</leader><controlfield tag="001">000019946</controlfield><controlfield tag="002">20161230</controlfield><controlfield tag="005">20161230201033</controlfield><controlfield tag="008">060222s1000------------r-----000-0-eng-d</controlfield><datafield ind1=" " ind2=" " tag="020"><subfield code="a">0471039152</subfield></datafield><datafield ind1=" " ind2=" " tag="040"><subfield code="a">IFIN-HH</subfield></datafield><datafield ind1=" " ind2=" " tag="080"><subfield code="a">539.172.5</subfield></datafield><datafield ind1="1" ind2=" " tag="100"><subfield code="a">Eisenberg, Judah M</subfield></datafield><datafield ind1="1" ind2="0" tag="245"><subfield code="a">Theory of meson interactions with nuclei</subfield><subfield code="c">Judah m. eisenberg, daniel s. koltun</subfield></datafield><datafield ind1=" " ind2=" " tag="260"><subfield code="a">New York</subfield><subfield code="b">John Wiley &amp; Sons</subfield><subfield code="c">1980</subfield></datafield><datafield ind1=" " ind2=" " tag="300"><subfield code="a">XII + 403P</subfield></datafield><datafield ind1="1" ind2=" " tag="700"><subfield code="a">Koltun, Daniel S</subfield></datafield><datafield ind1=" " ind2=" " tag="852"><subfield code="a">49024</subfield><subfield code="c">539.17</subfield></datafield><datafield ind1=" " ind2=" " tag="CAT"><subfield code="a">Sys</subfield><subfield code="c">20120619</subfield><subfield code="h">172456</subfield></datafield></record></collection>